@misc{androidDoc,
  key = {android},
  title = {Android Developers},
  note = {\url{https://developer.android.com}}
}
@misc{iosDoc,
  key = {ios},
  title = {{iOS} Developer},
  note = {\url{https://developer.apple.com}}
}
@misc{regleJeuDame,
  key = {regle},
  title = {{Regle} du jeu de dame},
  note = {\url{http://www.lecomptoirdesjeux.com/regle-jeu-dames.htm}}
}
@misc{miniMax,
  key = {minimax},
  title = {{Algorithme} MiniMax},
  note = {\url{https://fr.wikipedia.org/wiki/Algorithme_minimax}}
}